%% This BibTeX bibliography file was created using BibDesk.
%% https://bibdesk.sourceforge.io/

%% Created for Edward Webster at 2021-04-28 18:26:21 +0100 


%% Saved with string encoding Unicode (UTF-8) 



@misc{coursework,
	author = {Souslov, A. and Rimplianen, V.},
	date-added = {2021-04-27 12:04:26 +0100},
	date-modified = {2021-04-28 18:26:20 +0100},
	howpublished = {PH30056 Coursework B},
	month = {04},
	title = {Ising Model},
	year = {2021}}

@book{StatisticalMechanicsGalbotti,
	annote = {See },
	author = {G. Gallavotti},
	date-added = {2021-04-02 12:29:39 +0100},
	date-modified = {2021-04-06 08:50:42 +0100},
	publisher = {Springer},
	read = {0},
	title = {Statistical Mechanics},
	year = {1999},
	Bdsk-File-1 = {YnBsaXN0MDDSAQIDBFxyZWxhdGl2ZVBhdGhZYWxpYXNEYXRhXxA3UmVmZXJlbmNlcy9HYWxsYXZvdHRpMTk5OV9Cb29rX1N0YXRpc3RpY2FsTWVjaGFuaWNzLnBkZk8RAnIAAAAAAnIAAgAADE1hY2ludG9zaCBIRAAAAAAAAAAAAAAAAAAAAAAAAABCRAAB/////x9HYWxsYXZvdHRpMTk5OV9Cb28jRkZGRkZGRkYucGRmAAAAAAAAAAAAAAAAAAAAAAAAAAAAAAAAAAAAAAAAAAD/////AAAAAAAAAAAAAAAAAAEAAwAACiBjdQAAAAAAAAAAAAAAAAAKUmVmZXJlbmNlcwACAJ4vOlVzZXJzOkVkd2FyZDpPbmVEcml2ZSAtIFVuaXZlcnNpdHkgb2YgQmF0aDpQaHlzaWNzOlllYXIgMzpTZW1lc3RlciAyOkNvbXAgQjpMYWJzOkNvdXJzZXdvcmsgMjpSZXBvcnQ6UmVmZXJlbmNlczpHYWxsYXZvdHRpMTk5OV9Cb29rX1N0YXRpc3RpY2FsTWVjaGFuaWNzLnBkZgAOAFoALABHAGEAbABsAGEAdgBvAHQAdABpADEAOQA5ADkAXwBCAG8AbwBrAF8AUwB0AGEAdABpAHMAdABpAGMAYQBsAE0AZQBjAGgAYQBuAGkAYwBzAC4AcABkAGYADwAaAAwATQBhAGMAaQBuAHQAbwBzAGgAIABIAEQAEgCcVXNlcnMvRWR3YXJkL09uZURyaXZlIC0gVW5pdmVyc2l0eSBvZiBCYXRoL1BoeXNpY3MvWWVhciAzL1NlbWVzdGVyIDIvQ29tcCBCL0xhYnMvQ291cnNld29yayAyL1JlcG9ydC9SZWZlcmVuY2VzL0dhbGxhdm90dGkxOTk5X0Jvb2tfU3RhdGlzdGljYWxNZWNoYW5pY3MucGRmABMAAS8AABUAAgAN//8AAAAIAA0AGgAkAF4AAAAAAAACAQAAAAAAAAAFAAAAAAAAAAAAAAAAAAAC1A==}}
